
@online{a16zEnterprise2020What2020,
  title = {The {{Enterprise}} in 2020 â€” What 24 Company Builders Had to Say},
  author = {{a16z}},
  date = {2020-12-18T16:55:21-08:00},
  url = {https://a16z.com/2020/12/18/the-enterprise-in-2020/},
  urldate = {2020-12-22},
  abstract = {How data, AI, cloud-first, remote work, and more changed our workplaces and tools.},
  langid = {american},
  organization = {{Andreessen Horowitz}},
  file = {/Users/krishaamer/Zotero/storage/NCHXEB3K/the-enterprise-in-2020.html}
}


